@Misc{Bidlo:2023:SeriovaKomunikace,
	author = {BIDLO, Michal},
	title = {Principy sériové komunikace, sériová komunikační rozhraní},
	howpublished = {[online]},
	note = {[vid. 2023-12-10]},
    year = {rev. 2023},
	url = {https://moodle.vut.cz/pluginfile.php/707394/mod_folder/content/0/2022IMP04.pdf?forcedownload=1},
}

@Misc{Wikipedia:2023:ESP32,
    author = {Wikipedia contributors},
    title = {ESP32 --- {Wikipedia}{,} The Free Encyclopedia},
    year = {rev. prosinec 2023},
    url = {https://en.wikipedia.org/w/index.php?title=ESP32&oldid=1188583650},
    note = {[vid. 2023-12-10]}
  }
